@report{NISTPQC3,
author = {Gorjan Alagic and Daniel Apon and David Cooper and Quynh Dang and Thinh Dang and John Kelsey and Jacob Lichtinger and Yi-Kai Liu and Carl Miller and Dustin Moody and Rene Peralta and Ray Perlner and Angela Robinson and Daniel Smith-Tone},
title = {Status Report on the Third Round of the NIST Post-Quantum Cryptography Standardization Process},
type = {Bericht},
institution = {National Institute of Standards and Technology},
year = {2022},
doi = {10.6028/NIST.IR.8413-upd1}
}

@article{McEliece1978,
author = {R. J. McEliece},
title = {A Public-Key Cryptosystem Based On Algebraic Coding Theory},
journaltitle = {The Deep Space Network Progress Report},
year = {1978},
volume = {42-44},
note = {NASA Code 310-10-67-11},
url = {https://ntrs.nasa.gov/api/citations/19780016269/downloads/19780016269.pdf},
urldate = {2023-02-15}
}

@ARTICLE{Berlekamp1978,
  author={Berlekamp, E. and McEliece, R. and van Tilborg, H.},
  journal={IEEE Transactions on Information Theory}, 
  title={On the inherent intractability of certain coding problems (Corresp.)},
  year={1978},
  volume={24},
  number={3},
  pages={384-386},
  doi={10.1109/TIT.1978.1055873}
}